
@book{lamport1994,
	author = {Leslie Lamport},
	title = {\LaTeX{}: A Document Preparation System},
	date = {1994},
	edition = {2},
	publisher = {Addison-Wesley},
	location = {Reading, Massachusetts},
	isbn = {0-201-52983-1}
}

@book{kopka2004,
	author = {Helmut Kopka and Patrick Daly},
	title = {A Guide to \LaTeX{}},
	date = {2004},
	edition = {4},
	publisher = {Addison-Wesley},
	location = {Reading, Massachusetts},
	isbn = {0-321-17385-6}
}

@book{mittelbach2004,
	author = {Frank Mittelbach and Michel Goossens and Johannes Braams and David Carlisle and Chris Rowley},
	title = {The LaTeX Companion},
	date = {2004},
	edition = {2},
	publisher = {Addison-Wesley	Pearson Education},
	location = {Boston, Massachusetts},
	isbn = {0-201-36299-6}
}

@book{goossens1997,
	author = {Michel Goossens and Sebastian Rahtz and Frank Mittelbach},
	title = {The \LaTeX{} Graphics Companion},
	date = {1997},
	publisher = {Addison-Wesley},
	location = {Reading, Massachusetts},
	isbn = {0-201-85469-4}
}

@book{goossens1999,
	author = {Michel Goossens and Sebastian Rahtz and Frank Mittelbach},
	title = {The \LaTeX{} Web Companion},
	date = {1999},
	publisher = {Addison-Wesley},
	location = {Reading, Massachusetts},
	isbn = {0-201-43311-7}
}

@online{pdftex-doc,
	author = {\HanTheThanh{} and Sebastian Rahtz and Hans Hagen and Hartmut Henkel and Pawel	Jackowski and Martin Schröder},
	title = {The pdf\TeX{} user manual},
	date = {2016-05-09},
	url = {http://mirrors.ctan.org/systems/doc/pdftex/manual/pdftex-a.pdf}
}


@online{grfguide,
	author = {David Carlisle},
	title = {Packages in the `graphics’ bundle},
	date = {2016-05-22},
	url = {http://mirrors.ctan.org/macros/latex/required/graphics/grfguide.pdf}
}

@online{lshort,
	author = {Tobias Oetiker and Hubert Partl and Irene Hyna and Elisabeth Schlegl},
	title = {The Not So Short Introduction to \LaTeXe{}},
	date = {2016-07-18},
	url = {http://mirrors.ctan.org/info/lshort/english/lshort.pdf}
}

@online{simplifed-intro,
	author = {Harvey Greenberg},
	title = {A Simplified Introduction to \LaTeX{}},
	date = {2010-11-29},
	url = {http://mirrors.ctan.org/info/simplified-latex/simplified-intro.pdf}
}

@online{afterpage-doc,
	author = {David Carlisle},
	title = {The afterpage package},
	date = {2014-10-28},
	url = {http://mirrors.ctan.org/macros/latex/required/tools/afterpage.pdf}
}

@online{calc-doc,
	author = {Kresten Krab Thorup and Frank Jensen and Chris Rowley},
	title = {The calc package: Infix notation arithmetic in \LaTeX{}},
	date = {2014-10-28},
	url = {http://mirrors.ctan.org/macros/latex/required/tools/calc.pdf}
}

@online{caption-doc,
	author = {Axel Sommerfeldt},
	title = {Customizing captions of floating environments},
	date = {2011-11-02},
	url = {http://mirrors.ctan.org/macros/latex/contrib/caption/caption-eng.pdf}
}

@online{ccaption-doc,
	author = {Peter Wilson and Herries Press},
	title = {The ccaption package},
	date = {2011-08-07},
	url = {http://mirrors.ctan.org/macros/latex/contrib/ccaption/ccaption.pdf}
}

@online{endfloat-doc,
	author = {James Darrell McCauley and Jeff Goldberg and Axel Sommerfeldt},
	title = {The endfloat package},
	date = {2011-12-05},
	url = {http://mirrors.ctan.org/macros/latex/contrib/endfloat/endfloat.pdf}
}

@online{esopic-doc,
	author = {Rolf Niepraschk},
	title = {The eso-pic package},
	date = {2015-07-21},
	url = {http://mirrors.ctan.org/macros/latex/contrib/eso-pic/eso-pic.pdf}
}

@online{fancybox-doc,
	author = {Timothy Van Zandt},
	title = {Documentation for fancybox.sty: Box tips and tricks for \LaTeX{}},
	date = {2010-05-15},
	url = {http://mirrors.ctan.org/macros/latex/contrib/fancybox/fancybox-doc.pdf}
}

@online{fancyhdr-doc,
	author = {Piet van Oostrum},
	title = {Page layout in \LaTeX{}},
	date = {2016-09-06},
	url = {http://mirrors.ctan.org/macros/latex/contrib/fancybox/fancybox-doc.pdf}
}

@online{fancyhdr-doc,
	author = {Piet van Oostrum},
	title = {Page layout in \LaTeX{}},
	date = {2016-09-06},
	url = {http://mirrors.ctan.org/macros/latex/contrib/fancyhdr/fancyhdr.pdf}
}

@online{fancyhdr-doc,
	author = {Piet van Oostrum},
	title = {Page layout in \LaTeX{}},
	date = {2016-09-06},
	url = {http://mirrors.ctan.org/macros/latex/contrib/fancyhdr/fancyhdr.pdf}
}

[18] The flafter package, Available as CTAN/macros/latex/unpacked/flafter.sty
[19] Anselm Lingnau, An Improved Environment for Floats, Available as
CTAN/macros/latex/contrib/float/float.dtx
[20] Hendri Adriaens The graphicx-psmin package, Available as
CTAN/macros/latex/contrib/graphicx-psmin/graphicx-psmin.pdf


@online{hyperref-doc,
	author = {Sebastian Rahtz and Heiko Oberdiek},
	title = {Hypertext marks in \LaTeX{}: a manual for hyperref},
	date = {2012-11},
	url = {http://mirrors.ctan.org/macros/latex/contrib/hyperref/doc/manual.pdf}
}


[22] Heiko Oberdiek The ifpdf package, Available as
CTAN/macros/latex/contrib/oberdiek/ifpdf.sty
[23] David Carlisle, The ifthen package, Available as
CTAN/macros/latex/base/ifthen.dtx
[24] D. P. Carlisle, The lscape package, Available as
CTAN/macros/latex/required/graphics/lscape.dtx
[25] John D. Hobby A User’s manual for MetaPost, AT&T Bell Laboratories
Computing Science Technical Report 162, 1992. Available as
http://cm.bell-labs.com/who/hobby/cstr_162.pdf
[26] Don Hosek, The morefloats package, Available as
CTAN/macros/latex/contrib/misc/morefloats.sty
[27] Rolf Niepraschk The overpic package, Available as
CTAN/macros/latex/contrib/overpic/overpic.sty
[28] Donald Arseneau, The placeins package, Available as
CTAN/macros/latex/contrib/placeins/placeins.sty
[29] Michael C. Grant and David Carlisle, The ps frag system, version 3, Available
as CTAN/macros/latex/contrib/psfrag/pfgguide.pdf
[30] Sebastian Rahtz and Leonor Barroca, The rotating package, Available as
CTAN/macros/latex/contrib/rotating/rotating.dtx
[31] Rolf Niepraschk and Hubert Gäßlein The sidecap package, Available as
CTAN/macros/latex/contrib/sidecap/sidecap.pdf
[32] Steven Douglas Cochran, The subfig package, Available as
CTAN/macros/latex/contrib/subfig/subfig.pdf
[33] Robin Fairbairns The topcapt package, Available as
CTAN/macros/latex/contrib/misc/topcapt.sty
[34] Frank Mittelbach The varioref package, Available as
CTAN/macros/latex/required/tools/varioref.dtx
[35] David Carlisle, The xr package, Available as
CTAN/macros/latex/required/tools/xr.dtx
